@Misc{Wiki,
author = {Wikipedia},
title = {A* search algorithm},
howpublished = {https://en.wikipedia.org/wiki/A*_search_algorithm/}
}

@Misc{PathFinding,
author = {Xueqiao (Joe) Xu},
title = {PathFinding},
howpublished = {https://qiao.github.io/PathFinding.js/visual/},
year = {2011-2018}
}

@Misc{A*,
author = {Amit Patel},
title = {Amit's A* Pages},
howpublished = {http://theory.stanford.edu/~amitp/GameProgramming/},
year = {1997-2018}
}

@Misc{Python,
author = {Python Software Foundation},
title = {Python 3.6.5 documentation},
howpublished = {https://docs.python.org/3/},
year = {2001-2018}
}

@Misc{Tkinter,
author = {Fredrik Lundh},
title = {An Introduction to Tkinter},
howpublished = {http://effbot.org/tkinterbook/},
year = {2005}
}
